/home/miro/data/bib/global.bib