@misc{latexpohja,
    author = {Hannikainen, Jaakko},
    title = {{Helsingin Yliopiston ep√§virallinen LaTeX-pohja}},
    howpublished = {{\url{https://github.com/jgke/helsinki-latex}}},
    year = {2020}
}
